<?xml version="1.0" encoding="UTF-8"?><record xmlns="http://www.loc.gov/MARC21/slim" xmlns:cinclude="http://apache.org/cocoon/include/1.0" xmlns:zs="http://www.loc.gov/zing/srw/">
  <leader>00606cz  a2200169n  4500</leader>
  <controlfield tag="001">n 2012203036</controlfield>
  <controlfield tag="003">DLC</controlfield>
  <controlfield tag="005">20120718115229.0</controlfield>
  <controlfield tag="008">120717n| acannaabn          |a aaa      </controlfield>
  <datafield tag="010" ind1=" " ind2=" ">
    <subfield code="a">n 2012203036</subfield>
  </datafield>
  <datafield tag="040" ind1=" " ind2=" ">
    <subfield code="a">DLC</subfield>
    <subfield code="b">eng</subfield>
    <subfield code="c">DLC</subfield>
  </datafield>
  <datafield tag="053" ind1=" " ind2="0">
    <subfield code="a">PL4758.9.P3298</subfield>
  </datafield>
  <datafield tag="100" ind1="1" ind2=" ">
    <subfield code="a">Patmanātan̲, Yāl̲ Tarmin̲i</subfield>
  </datafield>
  <datafield tag="400" ind1="0" ind2=" ">
    <subfield code="a">Yāl̲ Tarmin̲i Patmanātan̲</subfield>
  </datafield>
  <datafield tag="400" ind1="1" ind2=" ">
    <subfield code="a">Patmanātan̲, Tarmin̲i</subfield>
  </datafield>
  <datafield tag="400" ind1="0" ind2=" ">
    <subfield code="a">Tarmin̲i Patmanātan̲</subfield>
  </datafield>
  <datafield tag="670" ind1=" " ind2=" ">
    <subfield code="a">Enkaṭa kataitān̲--, 2011:</subfield>
    <subfield code="b">t.p. (Yāl̲ Tarmin̲i Patmanātan̲) p. [5] (Tarmin̲i Patmanātan̲) p. [10] (pursuing M.A., Journalism &amp; Communication, Madras U.)</subfield>
  </datafield>
</record>